@Article{ArticleSource,
  author   = {A Article Author},
  date     = {2025-02-19},
  title    = {Article},
  note     = {my Note},
  pages    = {5},
  url      = {myURL.de},
  urldate  = {2025-02-21},
  volume   = {20},
  keywords = {article},
}

@Book{example_Book,
  author    = {Book Author},
  date      = {2025-02-24},
  title     = {An examplebook},
  edition   = {0},
  isbn      = {0-0000-0000-0},
  language  = {Delulu},
  pages     = {0},
  pagetotal = {0},
  url       = {BookURL.de},
  urldate   = {2025-02-11},
  volume    = {0},
  keywords  = {BookKeyword},
}

@Misc{MiscKey,
  author       = {Misc Author},
  date         = {2025-02-11},
  title        = {A misc article},
  language     = {DeLuLu},
  note         = {Some notes as well},
  organization = {MyOrganisation},
  type         = {someType},
  url          = {www.someURL.de},
  urldate      = {2025-02-26},
  version      = {0.0},
  keywords     = {misc Keyword},
}

@Electronic{example,
  author       = {Some Electronics Author},
  date         = {2025-02-11},
  title        = {A new Begining},
  url          = {https://example.de},
  language     = {german},
  note         = {example note},
  organization = {example organization},
  version      = {0.1},
  keywords      = {elec},
  lastvisited  = {2095-02-07},
}

@online{WinNT,
  author = {MultiMedia LLC},
  title = {{MS Windows NT} Kernel Description},
  year = 1999,
  url = {http://web.archive.org/web/20080207010024/http://www.808multimedia.com/winnt/kernel.htm},
  urldate = {2010-09-30}
}


@Online{online_example,
  author       = {Some online electronics Author},
  date         = {2025-02-11},
  title        = {Online electronics},
  url          = {https://example.de},
  language     = {german},
  note         = {example note},
  organization = {example organization},
  version      = {0.1},
  keywords     = {elec},
  lastvisited  = {2095-02-07},
}

@Manual{Ch340_1D,
  title        = {USB to serial chip CH340},
  organization = {Jiangsu Haoheng Co., Ltd.},
  year         = {n.A.},
  lastvisited  = {2022-10-10},
  number       = {CH340 C},
  pagetotal    = {8},
  url          = {https://pdf1.alldatasheet.com/datasheet-pdf/view/1132602/WCH/CH340.html},
  version      = {1D},
}





@Comment{jabref-meta: databaseType:biblatex;}
